@ARTICLE{AP,
 AUTHOR = "E. M. Arkin and C. H. Papadimitriou",
 TITLE = "On the complexity of circulations",
 JOURNAL = "J. Algorithms",
 VOLUME = 7,
 YEAR = "1986",
 PAGES = "134--145",
 NOTE = ""
}
@UNPUBLISHED{AASS,
 AUTHOR = "P.~K. Agarwal and B. Aronov and M. Sharir and S. Suri",
 TITLE = "Selecting distances in the plane",
 MONTH = "April",
 YEAR = "1990",
 NOTE = ""
}
@ARTICLE{BP,
 AUTHOR = "R.~I. Becker and Y. Perl",
 TITLE = "Shifting algorithms tree partitioning with general weighting functions",
 JOURNAL = "J. Algorithms",
 YEAR = "1983",
 VOLUME = 4,
 PAGES = "101--120",
 NOTE = ""
}
@ARTICLE{BPS,
 AUTHOR = "R.~I. Becker and Y. Perl and S.~R. Schach",
 TITLE = "A shifting algorithm for min-max tree partitioning",
 JOURNAL = "J. ACM",
 YEAR = "1982",
 VOLUME = 29,
 PAGES = "58--67",
 NOTE = ""
}
@ARTICLE{BFPRT,
 AUTHOR = "M. Blum and R.~W. Floyd and V.~R. Pratt
 and R.~L. Rivest and R.~E. Tarjan",
 TITLE = "Time bounds for selection",
 JOURNAL = "J. Comput. Syst. Sci.",
 YEAR = "1972",
 VOLUME = 7,
 PAGES = "448--461",
 NOTE = ""
}
@ARTICLE{CT2,
 AUTHOR = "R. Chandrasekaran and A. Tamir",
 TITLE = "An O(($n$ log $p$)^2) algorithm for the continuous
$p$-center problem on a tree",
 JOURNAL = "SIAM J. Alg. Disc. Math",
 YEAR = "1980",
 VOLUME = 1,
 PAGES = "370--375",
 NOTE = ""
}
@ARTICLE{CT,
 AUTHOR = "R. Chandrasekaran and A. Tamir",
 TITLE = "Polynomially bounded algorithms for locating $p$-centers on a tree",
 JOURNAL = "Math. Prog.",
 YEAR = "1982",
 VOLUME = 22,
 PAGES = "304-315",
 NOTE = ""
}
@CONFERENCE{CEIY,
 AUTHOR = "M. Chrobak and D. Eppstein and G.~F. Italiano and M. Yung",
 TITLE = "Efficient sequential and parallel algorithms for computing
recovery points in trees and paths",
 BOOKTITLE = "Proc. 2nd ACM-SIAM Symp. on Discrete Algorithms",
 YEAR = "1991",
 ADDRESS = "San Francisco",
 MONTH = "January",
 PAGES = "158--167",
 NOTE = ""
}
@ARTICLE{CK,
 AUTHOR = "M.~J. Chung and M.~S. Krishnamoorthy",
 TITLE = "Algorithms for placing recovery points",
 JOURNAL = "Info. Proc. Lett.",
 YEAR = "1988",
 VOLUME = 28,
 PAGES = "177-181",
 NOTE = ""
}
@ARTICLE{C1,
 AUTHOR = "R. Cole",
 TITLE = "Partitioning point sets in arbitrary dimensions",
 JOURNAL = "Theor. Comput. Sci.",
 YEAR = "1987",
 VOLUME = 49,
 PAGES = "239--265",
 NOTE = ""
}
@ARTICLE{C2,
 AUTHOR = "R. Cole",
 TITLE = "Slowing down sorting networks to obtain faster sorting algorithms",
 JOURNAL = "J. ACM",
 YEAR = "1987",
 VOLUME = 34,
 PAGES = "200--208",
 NOTE = ""
}
@ARTICLE{CD,
 AUTHOR = "R. Chandrasekaran and A. Daughety",
 TITLE = "Locations on tree networks:  $p$-center and $n$-dispersion problems",
 JOURNAL = "Math. Operations Res.",
 YEAR = "1981",
 VOLUME = 6,
 PAGES = "50--57",
 NOTE = ""
}
@ARTICLE{CSY,
 AUTHOR = "R. Cole and M. Sharir and C.~K. Yap",
 TITLE = "On k-hulls and related problems",
 JOURNAL = "SIAM J. Comput.",
 VOLUME = 17,
 YEAR = "1987",
 PAGES = "61--77",
 NOTE = ""
}
@ARTICLE{CSSS,
 AUTHOR = "R. Cole and J.~S. Salowe and W.~L. Steiger and E. Szemeredi",
 TITLE = "An optimal-time algorithm for slope selection",
 JOURNAL = "SIAM J. Comput.",
 VOLUME = 18,
 YEAR = "1989",
 PAGES = "792--810",
 NOTE = ""
}
@CONFERENCE{F1,
 AUTHOR = "G.~N. Frederickson",
 TITLE = "Optimal Algorithms for Tree Partitioning",
 BOOKTITLE = "Proc. 2nd ACM-SIAM Symp. on Discrete Algorithms",
 YEAR = "1991",
 ADDRESS = "San Francisco",
 MONTH = "January",
 PAGES = "168--177",
 NOTE = ""
}
@CONFERENCE{F2,
 AUTHOR = "G.~N. Frederickson",
 TITLE = "Parametric Search and Locating Supply Centers in Trees",
 BOOKTITLE = "Proc. 2nd Workshop on Algorithms and Data Structures",
 YEAR = "1991",
 ADDRESS = "Ottawa, Canada",
 MONTH = "August",
 PUBLISHER = "Springer-Verlag, LNCS 519",
 PAGES = "299--319",
 NOTE = ""
}
@UNPUBLISHED{F3,
 AUTHOR = "G.~N. Frederickson",
 TITLE = "Optimal Algorithms for Parametric Search in Trees II:
$p$-Center Problems and Checkpointing",
 YEAR = "1992",
 NOTE = ""
}
@ARTICLE{FTR,
 AUTHOR = "G.~N. Frederickson",
 TITLE = " Optimal algorithms for partitioning trees and locating $p$ centers 
in trees",
 JOURNAL = "Technical Report CSD-TR-1029, Purdue University",
 YEAR = "1990",
 NOTE = ""
}
@ARTICLE{FJ1,
 AUTHOR = "G.~N. Frederickson and D.~B. Johnson",
 TITLE = "Finding $k$th paths and $p$-centers
by generating and searching good data structures",
 JOURNAL = "J. Algorithms",
 YEAR = "1983",
 VOLUME = 4,
 PAGES = "61--80",
 NOTE = ""
}
@ARTICLE{FJ2,
 AUTHOR = "G.~N. Frederickson and D.~B. Johnson",
 TITLE = "Generalized selection and ranking: sorted matrices",
 JOURNAL = "SIAM J. on Computing",
 YEAR = "1984",
 VOLUME = 13,
 PAGES = "14--30",
 NOTE = ""
}
@ARTICLE{Go1,
 AUTHOR = "A.~J. Goldman",
 TITLE = "Optimal center location in simple networks",
 JOURNAL = "Transport. Sci.",
 YEAR = "1971",
 VOLUME = 5,
 PAGES = "212--233",
 NOTE = ""
}
@ARTICLE{Go2,
 AUTHOR = "A.~J. Goldman",
 TITLE = "Minimax location of a facility in an undirected tree graph",
 JOURNAL = "Transport. Sci.",
 YEAR = "1972",
 VOLUME = 6,
 PAGES = "407--418",
 NOTE = ""
}
@ARTICLE{Gu,
 AUTHOR = "D. Gusfield",
 TITLE = "Parametric combinatorial computing and a problem
of program module distribution",
 JOURNAL = "J.ACM",
 VOLUME = 30,
 YEAR = "1983",
 PAGES = "551--563",
 NOTE = ""
}
@ARTICLE{Hk,
 AUTHOR = "S.~L. Hakimi",
 TITLE = "Optimum locations of switching centers and the absolute centers and
medians of a graph",
 JOURNAL = "Operations Res.",
 YEAR = "1964",
 VOLUME = 12,
 PAGES = "450--459",
 NOTE = ""
}
@ARTICLE{Hk2,
 AUTHOR = "S.~L. Hakimi",
 TITLE = "Optimal distribution of switching centers in a communications network
and some related graph theoretic problems",
 JOURNAL = "Operations Res.",
 YEAR = "1965",
 VOLUME = 13,
 PAGES = "462--475",
 NOTE = ""
}
@ARTICLE{Hn1,
 AUTHOR = "G.~Y. Handler",
 TITLE = "Minimax location of a facility in an undirected tree graph",
 JOURNAL = "Transport. Sci.",
 YEAR = "1973",
 VOLUME = 7,
 PAGES = "287--293",
 NOTE = ""
}
@ARTICLE{Hn2,
 AUTHOR = "G.~Y. Handler",
 TITLE = "Finding two-centers of a tree:  the continuous case",
 JOURNAL = "Transport. Sci.",
 YEAR = "1978",
 VOLUME = 12,
 PAGES = "93--106",
 NOTE = ""
}
@ARTICLE{HT,
 AUTHOR = "R. Hassin and A. Tamir",
 TITLE = "Efficient algorithms for optimization and selection on series-parallel graphs",
 JOURNAL = "SIAM J. Alg. Disc. Meth.",
 YEAR = "1986",
 VOLUME = 7,
 PAGES = "379--389",
 NOTE = ""
}
@ARTICLE{KH,
 AUTHOR = "O.~Kariv and S.~L. Hakimi",
 TITLE = "An algorithmic approach to network location problems",
 JOURNAL = "SIAM J. Appl. Math.",
 YEAR = "1979",
 VOLUME = 37,
 PAGES = "513--538",
 NOTE = ""
}
@ARTICLE{KM,
 AUTHOR = "S. Kundu and J. Misra",
 TITLE = "A linear tree partitioning algorithm",
 JOURNAL = "SIAM J. on Computing",
 YEAR = "1977",
 VOLUME = 6,
 PAGES = "151--154",
 NOTE = ""
}
@UNPUBLISHED{LS,
 AUTHOR = "C. Lo and W. Steiger",
 TITLE = "An optimal-time algorithm for ham-sandwich cuts in the plane",
 MONTH = "September",
 YEAR = "1990",
 NOTE = ""
}
@ARTICLE{M,
 AUTHOR = "N. Megiddo",
 TITLE = "Applying parallel computation algorithms
in the design of serial algorithms",
 JOURNAL = "J. ACM",
 YEAR = "1983",
 VOLUME = 30,
 PAGES = "852--865",
 NOTE = ""
}
@ARTICLE{MT,
 AUTHOR = "N. Megiddo and A. Tamir",
 TITLE = "New results on the complexity of p-center problems",
 JOURNAL = "SIAM J. Comput.",
 YEAR = "1983",
 VOLUME = 12,
 PAGES = "751--758",
 NOTE = ""
}
@ARTICLE{MTZC,
 AUTHOR = "N. Megiddo and A. Tamir and E. Zemel and R. Chandrasekaran",
 TITLE = "An $O(n \log^2 n)$ algorithm for the $k$th longest path in a
tree with applications to location problems",
 JOURNAL = "SIAM J. Comput.",
 YEAR = "1981",
 VOLUME = 10,
 PAGES = "328--337",
 NOTE = ""
}
@ARTICLE{PeS,
 AUTHOR = "Y. Perl and S.~R. Schach",
 TITLE = "Max-min tree partitioning",
 JOURNAL = "J. ACM",
 YEAR = "1981",
 VOLUME = 28,
 PAGES = "5--15",
 NOTE = ""
}
@ARTICLE{PS,
 AUTHOR = "Y. Perl and S.~R. Schach",
 TITLE = "Max-min tree partitioning",
 JOURNAL = "J. ACM",
 YEAR = "1981",
 VOLUME = 28,
 PAGES = "5--15",
 NOTE = ""
}
@ARTICLE{PV,
 AUTHOR = "Y. Perl and U. Vishkin",
 TITLE = "Efficient implementation of a shifting algorithm",
 JOURNAL = "Disc. Appl. Math.",
 YEAR = "1985",
 VOLUME = 12,
 PAGES = "71--80",
 NOTE = ""
}
@TECHREPORT{PoS,
 AUTHOR = "R. Pollack and M. Sharir",
 TITLE = "Computing the geodesic center of a simple polygon",
 INSTITUTION = "Courant Institute",
 MONTH = "September",
 YEAR = "1986",
 NUMBER = 231,
 NOTE = ""
}
@ARTICLE{R,
 AUTHOR = "M. Reichling",
 TITLE = "On the detection of a common intersection of k-convex polyhedra",
 JOURNAL = "Lect. Notes Comput. Sci.",
 VOLUME = 333,
 YEAR = "1988",
 PAGES = "180--187",
 NOTE = ""
}
@ARTICLE{S,
 AUTHOR = "J.~S. Salowe",
 TITLE = "L-infinity interdistance selection by parametric search",
 JOURNAL = "Inf. Proc. Lett.",
 VOLUME = 30,
 YEAR = "1989",
 PAGES = "9--14",
 NOTE = ""
}
@TECHREPORT{SS,
 AUTHOR = "J.~T. Schwartz and M. Sharir",
 TITLE = "Finding effective `force-targets' for two-dimensional multifinger frictional grips",
 INSTITUTION = "Courant Institute",
 MONTH = "June",
 YEAR = "1988",
 NUMBER = 379,
 NOTE = ""
}
@ARTICLE{T,
 AUTHOR = "R.~E. Tarjan",
 TITLE = "Updating a balanced search tree in $O(1)$ rotations",
 JOURNAL = "Info. Proc. Lett.",
 YEAR = "1983",
 VOLUME = 16,
 PAGES = "253--257",
 NOTE = ""
}
@CONFERENCE{WN,
 AUTHOR = "M.~A. Weiss and J.~K. Navlakha",
 TITLE = "The distribution of keys in a binary heap",
 BOOKTITLE = "Proc. Workshop on Algorithms and Data Structures",
 YEAR = "1989",
 EDITOR = "F. Dehne, J.-R. Sack and N. Santoro",
 PUBLISHER = "Springer-Verlag",
 PAGES = "213--216",
 NOTE = "LNCS, Vol. 382"
}
@ARTICLE{Z,
 AUTHOR = "E. Zemel",
 TITLE = "A linear time randomizing algorithm for searching ranking functions",
 JOURNAL = "Algorithmica",
 VOLUME = 2,
 YEAR = "1987",
 PAGES = "81--90",
 NOTE = ""
}

